@BOOK{lax_book,
  TITLE = {Numerical Methods for Conservation Laws},
  AUTHOR = {LeVeque, Randy J.},
  YEAR = {1992}, 
  PUBLISHER = {Birkhauser Verlag},
}

@misc{lec,
  author        = {Weller, Hillary},
  title         = {Numerics: The analysis and implementation of numerical methods for solving differential equations},
  year          = {2018}
}